<?xml version="1.0" encoding="UTF-8"?>
<collection xmlns:xsi="http://www.w3.org/2001/XMLSchema-instance" xsi:schemaLocation="http://www.loc.gov/MARC21/slim http://www.loc.gov/standards/marcxml/schema/MARC21slim.xsd" xmlns="http://www.loc.gov/MARC21/slim">
<record>
  <leader>00896cam a2200265I  4500</leader>
  <controlfield tag="001">5367586</controlfield>
  <controlfield tag="003">NNC</controlfield>
  <controlfield tag="005">20050927210101.0</controlfield>
  <controlfield tag="008">881028s1966    iq c          000 0baraod</controlfield>
  <datafield tag="010" ind1=" " ind2=" ">
    <subfield code="a">ne 67001565 </subfield>
  </datafield>
  <datafield tag="035" ind1=" " ind2=" ">
    <subfield code="a">(OCoLC)ocm23498904</subfield>
  </datafield>
  <datafield tag="035" ind1=" " ind2=" ">
    <subfield code="a">(NNC)5367586</subfield>
  </datafield>
  <datafield tag="040" ind1=" " ind2=" ">
    <subfield code="a">EYM</subfield>
    <subfield code="c">EYM</subfield>
    <subfield code="d">CGU</subfield>
    <subfield code="d">OCLCQ</subfield>
    <subfield code="d">ZCU</subfield>
  </datafield>
  <datafield tag="050" ind1="0" ind2=" ">
    <subfield code="a">CT1918.K8</subfield>
    <subfield code="b">A7 (Orien Arab)</subfield>
  </datafield>
  <datafield tag="099" ind1=" " ind2=" ">
    <subfield code="a">956</subfield>
    <subfield code="a">Ir27 v.12</subfield>
  </datafield>
  <datafield tag="100" ind1="1" ind2=" ">
    <subfield code="a">Ālūsī, Jamāl al-Dīn.</subfield>
  </datafield>
  <datafield tag="245" ind1="1" ind2="0">
    <subfield code="a">Muḥammad Kurd ʻAlī /</subfield>
    <subfield code="c">taʾlīf Jamāl al-Dīn al-Ālūsī.</subfield>
  </datafield>
  <datafield tag="260" ind1=" " ind2=" ">
    <subfield code="a">Baghdād :</subfield>
    <subfield code="b">Dār al-Jumhūrīyah,</subfield>
    <subfield code="c">1966.</subfield>
  </datafield>
  <datafield tag="300" ind1=" " ind2=" ">
    <subfield code="a">366 p.</subfield>
    <subfield code="b">port.</subfield>
    <subfield code="c">25 cm.</subfield>
  </datafield>
  <datafield tag="490" ind1="1" ind2=" ">
    <subfield code="a">Sililat al-kutub al-ḥadīthah ;</subfield>
    <subfield code="v">12</subfield>
  </datafield>
  <datafield tag="500" ind1=" " ind2=" ">
    <subfield code="a">Romanized.</subfield>
  </datafield>
  <datafield tag="504" ind1=" " ind2=" ">
    <subfield code="a">Bibliography: p. 333-338.</subfield>
  </datafield>
  <datafield tag="600" ind1="1" ind2="0">
    <subfield code="a">Kurd ʻAlī, Muḥammad,</subfield>
    <subfield code="d">1876-1953.</subfield>
  </datafield>
  <datafield tag="830" ind1=" " ind2="0">
    <subfield code="a">Silsilat al-kutub al-ḥadīthah (Iraq. Wizārat al-Thaqāfah wa-al-Irshād) ;</subfield>
    <subfield code="v">12.</subfield>
  </datafield>
  <datafield tag="955" ind1=" " ind2=" ">
    <subfield code="b">0026811081</subfield>
    <subfield code="d">glx</subfield>
    <subfield code="e">956 Ir27 v.12</subfield>
  </datafield>
</record>
</collection>